@ARTICLE{portugal,
 author = {K. Fernandes, P. Vinagre and P. Cortez},
 title = {A Proactive Intelligent Decision
    Support System for Predicting the Popularity of Online News},
 journal = {Proceedings
    of the 17th EPIA 2015 - Portuguese Conference on Artificial Intelligence,
    September, Coimbra, Portugal}
}


@ARTICLE{classroom,
 author = {Prof. Anderson Rocha},
 title = {Classroom Material for MC886 - Machine Learning and Pattern Recognition},
 journal = {https://www.ic.unicamp.br/~rocha/teaching/2018s1/mo444/index.html}
}

@ARTICLE{scikit-learn,
 author = {http://scikit-learn.org/},
 title = {Python library for machine learning}
}
 
@ARTICLE{dataset,
 author = {www.mashable.com},
 title = {Dataset of Popularity in Social Networks},
 journal = {https://www.dropbox.com/s/hglzupqi2aubs36/data.zip?dl=0}
}

@ARTICLE{Ni_2009,
 author = {Kai Ni and Anitha Kannan and Antonio Criminisi and John Winn},
 title = {Epitomic Location Recognition},
 journal = {Transactions on Pattern Analysis and Machine Intelligence (TPAMI)},
 year = {2009},
 volume = {31},
 pages = {2158-2167},
 number = {12}
}

@INPROCEEDINGS{Ni_2008,
 author = {Kai Ni and Anitha Kannan and Antonio Criminisi and John Winn},
 title = {Epitomic Location Recognition},
 booktitle = {Proceedings of the IEEE Computer Society Conference on Computer Vision and Pattern Recognition (CVPR)},
 year = {2008},
 pages = {},
 address = {Anchorage, AK, USA}
}

@INPROCEEDINGS{Silva_2010,
 author = {Fulano Silva and Beltrano Souza},
 title = {Hey! This is my paper},
 booktitle = {European Conference on Nothing (ECN)},
 year = {2010},
 pages = {000--007},
 address = {Graz, Austria}
}

@INPROCEEDINGS{Silva_2010b,
 author = {Fulano Silva},
 title = {A paper on everything useless},
 booktitle = {European Conference on Nothing (ECN)},
 year = {2010},
 pages = {008--014},
 address = {Graz, Austria}
}

@INPROCEEDINGS{Silva_2010c,
 author = {Fulano Silva and Beltrano Souza and Sicrano Rocha},
 title = {Revisiting the classical publishing problem},
 booktitle = {European Conference on Nothing (ECN)},
 year = {2010},
 pages = {015--021},
 address = {Graz, Austria}
}